@misc{fox,
    author = "Bahou, Alexandra",
    title = "Michigan State University Professor working on mobile solution to identify pills",
    year = "2016",
    url = "http://www.fox47news.com/we-are-spartans/msu-professor-working-on-mobile-solution-to-identify-pills",
    note = "[Online. Accessed April 2017]"
}

@InBook{cv-textbook,
    author = "Szeliski, Richard",
    title = "Computer Vision: Algorithms and Applications",
    publisher = "Springer",
    year = "2010",
    url = "http://szeliski.org/Book/"
}

@InCollection{watershed-legit,
    author = "Roerdink, Jos
        and Meijster, Arnold",
    title = "The Watershed Transform: Definitions{,} Algorithms{,} and Parallelization Strategies",
    booktitle = "Fundamenta Informaticae",
    pages = "187--228",
    year = "2001",
    url = "http://www.cs.rug.nl/~roe/publications/parwshed.pdf"
}

@Article{semantic-segmentation,
    author = "Thoma, Martin",
    title = "A Survey of Semantic Segmentation",
    year = "2016",
    url = "https://arxiv.org/pdf/1602.06541.pdf"
}

@INPROCEEDINGS{medical, 
    author={H. P. Ng and S. Huang and S. H. Ong and K. W. C. Foong and P. S. Goh and W. L. Nowinski}, 
    booktitle={2008 30th Annual International Conference of the IEEE Engineering in Medicine and Biology Society}, 
    title={Medical image segmentation using watershed segmentation with texture-based region merging}, 
    year={2008}, 
    pages={4039-4042}, 
    keywords={Biomedical imaging;Humans;Image segmentation;Medical diagnostic imaging;Merging;Partitioning algorithms;Rain;Surface morphology;Surface topography;Surface treatment;Algorithms;Cluster Analysis;Diagnostic Imaging;Humans;Image Processing, Computer-Assisted;Models, Anatomic;Models, Statistical;Models, Theoretical;Normal Distribution;Pattern Recognition, Automated;Reproducibility of Results;Signal Processing, Computer-Assisted;Software}, 
    doi={10.1109/IEMBS.2008.4650096}, 
    ISSN={1094-687X}, 
    month={Aug},}

@inproceedings{ushizima,
  author = "Ushizima, Daniela
      and Carneiro, Allan
      and Souza, Marcelo
      and Medeiros, Fatima",
  editor = "Bebis, George
      and Boyle, Richard
      and Parvin, Bahram
      and Koracin, Darko
      and Pavlidis, Ioannis
      and Feris, Rogerio
      and McGraw, Tim
      and Elendt, Mark
      and Kopper, Regis
      and Ragan, Eric
      and Ye, Zhao
      and Weber, Gunther",
  title = 	 "Investigating Pill Recognition Methods for a New National Library of Medicine Image Dataset",
  booktitle =    "Advances in Visual Computing: 11th International Symposium, ISVC 2015, Las Vegas, NV, USA, December 14-15, 2015, Proceedings, Part II",
  pages =        "410--419",
  publisher =    "Springer International Publishing",
  year =         "2015",
  editor =       "J. R. Anderson",
  address =      "Cham",
  url = "http://dx.doi.org/10.1007/978-3-319-27863-6_38"
}

@InCollection{image-seg,
    author = "Allaoui, Ahmad
        and Nasri, M'barek",
    title = "Medical Image Segmentation by Marker-Controlled Watershed and Mathematical Morphology",
    booktitle="The International Journal of Multimedia \& Its Applications",
    year = "2012",
    url = "http://aircconline.com/ijma/V4N3/4312ijma01.pdf"
}


@misc{mattzraps,
    author = "Zucker, Dave
        and Zucker, Matt",
    title = "FlySorter: Intelligent automation for biology",
    year = "2015",
    url = "http://www.flysorter.com/",
    note = "[Online, Accessed April 2017]"
}

@misc{PIR,
    author="{U.S. National Library of Medicine}",
    title="Pill Image Recognition Challenge",
    year="2016",
    url="https://pir.nlm.nih.gov/challenge/index.html",
    note="[Online, Accessed April 2017]"
}

@misc{watershed,
    author="OpenCV",
    title="Image Segmentation with Watershed Algorithm",
    year="2016",
    url="http://docs.opencv.org/3.2.0/d3/db4/tutorial_py_watershed.html",
    note="[Online, Accessed April 2017]"
}

@misc{dice,
    author="Wikipedia",
    title="Sorenson-Dice Coefficient",
    year="2017",
    url="https://en.wikipedia.org/wiki/S%C3%B8rensen%E2%80%93Dice_coefficient",
    note="[Online, Accessed April 2017]"
}

@misc{pillbox,
    author="{U.S. National Library of Medicine}",
    title="Pillbox: rapid identification{,} reliable information",
    year="2016",
    url="https://pillbox.nlm.nih.gov/pillimage/search.php",
    note="[Online, Accessed April 2017]"
}

